<?xml version="1.0" encoding="UTF-8"?><record xmlns="http://www.loc.gov/MARC21/slim" xmlns:cinclude="http://apache.org/cocoon/include/1.0" xmlns:zs="http://www.loc.gov/zing/srw/">
  <leader>00599cz  a2200145n  4500</leader>
  <controlfield tag="001">no 00016356 </controlfield>
  <controlfield tag="003">DLC</controlfield>
  <controlfield tag="005">20090221081932.0</controlfield>
  <controlfield tag="008">000308n| acannaabn          |n aaa     c</controlfield>
  <datafield tag="010" ind1=" " ind2=" ">
    <subfield code="a">no 00016356 </subfield>
  </datafield>
  <datafield tag="035" ind1=" " ind2=" ">
    <subfield code="a">(OCoLC)oca05170170</subfield>
  </datafield>
  <datafield tag="040" ind1=" " ind2=" ">
    <subfield code="a">OCl</subfield>
    <subfield code="b">eng</subfield>
    <subfield code="c">OCl</subfield>
    <subfield code="d">DLC</subfield>
  </datafield>
  <datafield tag="100" ind1="1" ind2=" ">
    <subfield code="a">Brichto, Sidney</subfield>
  </datafield>
  <datafield tag="670" ind1=" " ind2=" ">
    <subfield code="a">'Funny-- you don't look Jewish', 1996:</subfield>
    <subfield code="b">t.p. (Sidney Brichto) jkt. (rabbi, preacher, theologian; res. London)</subfield>
  </datafield>
  <datafield tag="670" ind1=" " ind2=" ">
    <subfield code="a">Times online WWW site, Feb. 20, 2009</subfield>
    <subfield code="b">(Rabbi Dr. Sidney Brichto; b. July 21, 1936; d. Jan. 16, 2009; energetic American who was a leader of Britain's Liberal Jews for 25 years)</subfield>
  </datafield>
</record>